=LDR  00974nam  22002892a 4500
=001  1284124495
=005  20181025104814.0
=008  181025s2019\\\\\\\\\\\\\\\\\\\\\\\eng\d\
=020  \\$a1284124495
=020  \\$a9781284124491
=020  \\$a9781284124507
=100  1\$aShi, Leiyu 
=245  10$aDelivering Health Care in America
=260  \\$bJones & Bartlett Learning ,$c2019
=300  \\$a online resource
=538  \\$a Mode of Access: World Wide Web
=655  \4$a Electronic books
=700  1\$aShi, Leiyu 
=700  1\$aSingh, Douglas A.
=856  4\$zConnect to this resource online$uhttp://hdl.handle.net/Title/1284124495

