=LDR  00773nam  22002292a 4500
=001  0323481116
=005  20181025104814.0
=008  181025s2018\\\\\\\\\\\\\\\\\\\\\\\eng\d\
=020  \\$a0323481116
=020  \\$a9780323481113
=020  \\$a9780323511216
=100  1\$aJeske, Arthur H.
=245  10$aMosby's Dental Drug Reference
=260  \\$bElsevier Health Sciences ,$c2018
=300  \\$a online resource
=538  \\$a Mode of Access: World Wide Web
=655  \4$a Electronic books
=700  1\$aJeske, Arthur H.
=856  4\$zConnect to this resource online$uhttp://hdl.handle.net/Title/0323481116

