=LDR  01002nam  22003132a 4500
=001  0826133770
=005  20181025104814.0
=008  181025s2018\\\\\\\\\\\\\\\\\\\\\\\eng\d\
=020  \\$a0826133770
=020  \\$a9780826133779
=020  \\$a9780826133786
=100  1\$aSmalley, K. Bryant
=245  10$aLGBT Health
=260  \\$bSpringer Publishing Company ,$c2018
=300  \\$a online resource
=538  \\$a Mode of Access: World Wide Web
=655  \4$a Electronic books
=700  1\$aSmalley, K. Bryant
=700  1\$aWarren, Jacob C.
=700  1\$aBarefoot, K. Nikki
=856  4\$zConnect to this resource online$uhttp://hdl.handle.net/Title/0826133770

