=LDR  00863nam  22002652a 4500
=001  0128499052
=005  20181025104814.0
=008  181025s2018\\\\\\\\\\\\\\\\\\\\\\\eng\d\
=020  \\$a0128499052
=020  \\$a9780128499054
=020  \\$a9780128499047
=100  1\$aGallin, John I.
=245  10$aPrinciples and Practice of Clinical Research
=260  \\$bElsevier Health Sciences ,$c2018
=300  \\$a online resource
=538  \\$a Mode of Access: World Wide Web
=655  \4$a Electronic books
=700  1\$aGallin, John I.
=856  4\$zConnect to this resource online$uhttp://hdl.handle.net/Title/0128499052

