=LDR  00961nam  22003012a 4500
=001  1585285765
=005  20181025104814.0
=008  181025s2018\\\\\\\\\\\\\\\\\\\\\\\eng\d\
=020  \\$a1585285765
=020  \\$a9781585285761
=020  \\$a9781585285778
=100  1\$aSchafer, Jason J.
=245  10$aHIV Pharmacotherapy
=260  \\$bAmerican Society of Health-System Pharmacists{reg},$c2018
=300  \\$a online resource
=538  \\$a Mode of Access: World Wide Web
=655  \4$a Electronic books
=700  1\$aSchafer, Jason J.
=700  1\$aCocohoba, Jennifer M.
=700  1\$aSherman, Elizabeth M.
=700  1\$aTseng, Alice L.
=856  4\$zConnect to this resource online$uhttp://hdl.handle.net/Title/1585285765

