=LDR  00985nam  22002772a 4500
=001  1496394607
=005  20181025104814.0
=008  181025s2018\\\\\\\\\\\\\\\\\\\\\\\eng\d\
=020  \\$a1496394607
=020  \\$a9781496394606
=020  \\$a9781496394613
=100  1\$aEliason, Michele J.
=245  10$aLGBTQ Cultures: What Health Care Professionals Need to Know About Sexual and Gender Diversity
=260  \\$bLippincott Williams & Wilkins ,$c2018
=300  \\$a online resource
=538  \\$a Mode of Access: World Wide Web
=655  \4$a Electronic books
=700  1\$aEliason, Michele J.
=700  1\$aChinn, Peggy L.
=856  4\$zConnect to this resource online$uhttp://hdl.handle.net/Title/1496394607

