=LDR  00792nam  22002292a 4500
=001  1610021096
=005  20181025104814.0
=008  181025s2018\\\\\\\\\\\\\\\\\\\\\\\eng\d\
=020  \\$a1610021096
=020  \\$a9781610021098
=020  \\$a9781610021104
=100  1\$aBradley, John S.
=245  10$a2018 Nelson's Pediatric Antimicrobial Therapy
=260  \\$bAmerican Academy of Pediatrics ,$c2018
=300  \\$a online resource
=538  \\$a Mode of Access: World Wide Web
=655  \4$a Electronic books
=700  1\$aBradley, John S.
=856  4\$zConnect to this resource online$uhttp://hdl.handle.net/Title/1610021096

