=LDR  01016nam  22003012a 4500
=001  156793935X
=005  20181025104814.0
=008  181025s2018\\\\\\\\\\\\\\\\\\\\\\\eng\d\
=019  \\$a1007311613
=020  \\$a156793935X
=020  \\$a9781567939354
=020  \\$a9781567939378
=100  1\$aHolsinger Jr., James W.
=245  10$aLeadership for Public Health
=260  \\$bHealth Administration Press,$c2018
=300  \\$a online resource
=538  \\$a Mode of Access: World Wide Web
=655  \4$a Electronic books
=700  1\$aHolsinger Jr., James W.
=700  1\$aCarlton, Erik L.
=856  4\$zConnect to this resource online$uhttp://hdl.handle.net/Title/156793935X

