=LDR  00778nam  22002412a 4500
=001  1555819699
=005  20181025104815.0
=008  181025s2018\\\\\\\\\\\\\\\\\\\\\\\eng\d\
=020  \\$a1555819699
=020  \\$a9781555819699
=020  \\$a9781555819705
=100  1\$aBritton, Robert A.
=245  10$aBugs as Drugs
=260  \\$bASM Press ,$c2018
=300  \\$a online resource
=538  \\$a Mode of Access: World Wide Web
=655  \4$a Electronic books
=700  1\$aBritton, Robert A.
=856  4\$zConnect to this resource online$uhttp://hdl.handle.net/Title/1555819699

