=LDR  00788nam  22002292a 4500
=001  0911910425
=005  20181025104815.0
=008  181025s2018\\\\\\\\\\\\\\\\\\\\\\\eng\d\
=020  \\$a0911910425
=020  \\$a9780911910421
=100  1\$aPorter, Robert S.
=245  10$aThe Merck Manual of Diagnosis and Therapy
=260  \\$bWiley-Blackwell ,$c2018
=300  \\$a online resource
=538  \\$a Mode of Access: World Wide Web
=655  \4$a Electronic books
=700  1\$aPorter, Robert S.
=856  4\$zConnect to this resource online$uhttp://hdl.handle.net/Title/0911910425









